@article{deforestation,
  author    = {Philip Wadler},
  title     = {Deforestation: Transforming Programs to Eliminate Trees},
  journal   = {Theor. Comput. Sci.},
  volume    = {73},
  number    = {2},
  pages     = {231--248},
  year      = {1990},
  url       = {https://doi.org/10.1016/0304-3975(90)90147-A},
  doi       = {10.1016/0304-3975(90)90147-A},
  timestamp = {Sun, 28 May 2017 13:20:05 +0200},
  biburl    = {https://dblp.org/rec/journals/tcs/Wadler90.bib},
  bibsource = {dblp computer science bibliography, https://dblp.org}
}

@inproceedings{Higman52,
  author    = {G. Higman},
  title     = {Ordering by divisibility in abstract algebras},
  booktitle = {Proceedings of the London Mathematical Society},
  volume    = {2},
  pages     = {326--336},
  year      = {1952},
}

@inproceedings{Kruskal60,
  author    = {J. B. Kruskal},
  title     = {Well-quasi ordering, the tree theorem, and Vazsonyi's conjecture.},
  journal   = {Transactions of the American Mathematical Society},
  volume    = {95},
  pages     = {210--225},
  year      = {1960},
}

@article{bulyonkov84,
  author    = {Mikhail A. Bulyonkov},
  title     = {Polyvariant Mixed Computation for Analyzer Programs},
  journal   = {Acta Inf.},
  volume    = {21},
  pages     = {473--484},
  year      = {1984},
  url       = {https://doi.org/10.1007/BF00271642},
  doi       = {10.1007/BF00271642},
  timestamp = {Sun, 28 May 2017 13:22:46 +0200},
  biburl    = {https://dblp.org/rec/journals/acta/Bulyonkov84.bib},
  bibsource = {dblp computer science bibliography, https://dblp.org}
}

@inproceedings{SCHC,
  author    = {Neil Mitchell and
               Colin Runciman},
  editor    = {Olaf Chitil and
               Zolt{\'{a}}n Horv{\'{a}}th and
               Vikt{\'{o}}ria Zs{\'{o}}k},
  title     = {A Supercompiler for Core Haskell},
  booktitle = {Implementation and Application of Functional Languages, 19th International
               Workshop, {IFL} 2007, Freiburg, Germany, September 27-29, 2007. Revised
               Selected Papers},
  series    = {Lecture Notes in Computer Science},
  volume    = {5083},
  pages     = {147--164},
  publisher = {Springer},
  year      = {2007},
  url       = {https://doi.org/10.1007/978-3-540-85373-2\_9},
  doi       = {10.1007/978-3-540-85373-2\_9},
  timestamp = {Tue, 14 May 2019 10:00:35 +0200},
  biburl    = {https://dblp.org/rec/conf/ifl/MitchellR07.bib},
  bibsource = {dblp computer science bibliography, https://dblp.org}
}

@inproceedings{SCBE,
  author    = {Maximilian C. Bolingbroke and
               Simon L. Peyton Jones},
  editor    = {Jeremy Gibbons},
  title     = {Supercompilation by evaluation},
  booktitle = {Proceedings of the 3rd {ACM} {SIGPLAN} Symposium on Haskell, Haskell
               2010, Baltimore, MD, USA, 30 September 2010},
  pages     = {135--146},
  publisher = {{ACM}},
  year      = {2010},
  url       = {https://doi.org/10.1145/1863523.1863540},
  doi       = {10.1145/1863523.1863540},
  timestamp = {Tue, 06 Nov 2018 16:58:22 +0100},
  biburl    = {https://dblp.org/rec/conf/haskell/BolingbrokeJ10.bib},
  bibsource = {dblp computer science bibliography, https://dblp.org}
}

@inproceedings{TCES,
  author    = {Peter A. Jonsson and
               Johan Nordlander},
  editor    = {Siau{-}Cheng Khoo and
               Jeremy G. Siek},
  title     = {Taming code explosion in supercompilation},
  booktitle = {Proceedings of the 2011 {ACM} {SIGPLAN} Workshop on Partial Evaluation
               and Program Manipulation, {PEPM} 2011, Austin, TX, USA, January 24-25,
               2011},
  pages     = {33--42},
  publisher = {{ACM}},
  year      = {2011},
  url       = {https://doi.org/10.1145/1929501.1929507},
  doi       = {10.1145/1929501.1929507},
  timestamp = {Tue, 06 Nov 2018 16:57:57 +0100},
  biburl    = {https://dblp.org/rec/conf/pepm/JonssonN11.bib},
  bibsource = {dblp computer science bibliography, https://dblp.org}
}

@book{jonesbook,
  author    = {Neil D. Jones and
               Carsten K. Gomard and
               Peter Sestoft},
  title     = {Partial evaluation and automatic program generation},
  series    = {Prentice Hall international series in computer science},
  publisher = {Prentice Hall},
  year      = {1993},
  isbn      = {978-0-13-020249-9},
  timestamp = {Fri, 08 Apr 2011 18:21:02 +0200},
  biburl    = {https://dblp.org/rec/books/daglib/0072559.bib},
  bibsource = {dblp computer science bibliography, https://dblp.org}
}

@inproceedings{lozov2019relational,
  title={Relational Interpreters for Search Problems},
  author={Lozov, Petr and Verbitskaia, Ekaterina and Boulytchev, Dmitry},
  booktitle={miniKanren and Relational Programming Workshop},
  pages={43},
  year={2019}
}

@article{de1999conjunctive,
  title={Conjunctive partial deduction: Foundations, control, algorithms, and experiments},
  author={De Schreye, Danny and Gl{\"u}ck, Robert and J{\o}rgensen, Jesper and Leuschel, Michael and Martens, Bern and S{\o}rensen, Morten Heine},
  journal={The Journal of Logic Programming},
  volume={41},
  number={2-3},
  pages={231--277},
  year={1999},
  publisher={Elsevier}
}

@article{leuschel2002logic,
  title={Logic program specialisation through partial deduction: Control issues},
  author={Leuschel, Michael and Bruynooghe, Maurice},
  journal={Theory and Practice of Logic Programming},
  volume={2},
  number={4-5},
  pages={461--515},
  year={2002},
  publisher={Cambridge University Press}
}

@article{lloyd1991partial,
  title={Partial evaluation in logic programming},
  author={Lloyd, John W. and Shepherdson, John C},
  journal={The Journal of Logic Programming},
  volume={11},
  number={3-4},
  pages={217--242},
  year={1991},
  publisher={Elsevier}
}

@article{soerensen1996positive,
  title={A positive supercompiler},
  author={Soerensen, Morten Heine and Gl{\"u}ck, Robert and Jones, Neil D.},
  journal={Journal of functional programming},
  volume={6},
  number={6},
  pages={811--838},
  year={1996},
  publisher={Cambridge University Press}
}

@inproceedings{hamilton2007distillation,
  title={Distillation: extracting the essence of programs},
  author={Hamilton, Geoff W},
  booktitle={Proceedings of the 2007 ACM SIGPLAN symposium on Partial evaluation and semantics-based program manipulation},
  pages={61--70},
  year={2007}
}

@inproceedings{gluck1994partial,
  title={Partial deduction and driving are equivalent},
  author={Gl{\"u}ck, Robert and S{\o}rensen, Morten Heine},
  booktitle={International Symposium on Programming Language Implementation and Logic Programming},
  pages={165--181},
  year={1994},
  organization={Springer}
}

@article{leuschel1997advanced,
  title={Advanced techniques for logic program specialisation},
  author={Leuschel, Michael},
  year={1997}
}