@inproceedings{lozov2019relational,
  title={Relational Interpreters for Search Problems},
  author={Lozov, Petr and Verbitskaia, Ekaterina and Boulytchev, Dmitry},
  booktitle={miniKanren and Relational Programming Workshop},
  pages={43},
  year={2019}
}

@inproceedings{hemann2013ukanren,
  title={uKanren: A Minimal Functional Core for Relational Programming},
  author={Hemann, Jason and Friedman, Daniel P.},
  year={2013}
}

@inproceedings{rozplokhas2018improving,
  title={Improving Refutational Completeness of Relational Search via Divergence Test},
  author={Rozplokhas, Dmitri and Boulytchev, Dmitri},
  booktitle={Proceedings of the 20th International Symposium on Principles and Practice of Declarative Programming},
  pages={1--13},
  year={2018}
}

@incollection{vanhoof2004binding,
  title={Binding-time analysis for Mercury},
  author={Vanhoof, Wim and Bruynooghe, Maurice and Leuschel, Michael},
  booktitle={Program Development in Computational Logic},
  pages={189--232},
  year={2004},
  publisher={Springer}
}

@inproceedings{craig2004fully,
  title={Fully automatic binding-time analysis for Prolog},
  author={Craig, Stephen-John and Gallagher, John P and Leuschel, Michael and Henriksen, Kim S},
  booktitle={International Symposium on Logic-Based Program Synthesis and Transformation},
  pages={53--68},
  year={2004},
  organization={Springer}
}

@inproceedings{Thiemann1997AUF,
    title={A Unified Framework for Binding-Time Analysis},
    author={Peter Thiemann},
    booktitle={TAPSOFT},
    year={1997}
}

@book{jones1993partial,
  title={Partial evaluation and automatic program generation},
  author={Jones, Neil D and Gomard, Carsten K and Sestoft, Peter},
  year={1993},
  publisher={Peter Sestoft}
}