@article{bulyonkov84,
  author    = {Mikhail A. Bulyonkov},
  title     = {Polyvariant Mixed Computation for Analyzer Programs},
  journal   = {Acta Inf.},
  volume    = {21},
  pages     = {473--484},
  year      = {1984},
  url       = {https://doi.org/10.1007/BF00271642},
  doi       = {10.1007/BF00271642},
  timestamp = {Sun, 28 May 2017 13:22:46 +0200},
  biburl    = {https://dblp.org/rec/journals/acta/Bulyonkov84.bib},
  bibsource = {dblp computer science bibliography, https://dblp.org}
}

@inproceedings{SCHC,
  author    = {Neil Mitchell and
               Colin Runciman},
  editor    = {Olaf Chitil and
               Zolt{\'{a}}n Horv{\'{a}}th and
               Vikt{\'{o}}ria Zs{\'{o}}k},
  title     = {A Supercompiler for Core Haskell},
  booktitle = {Implementation and Application of Functional Languages, 19th International
               Workshop, {IFL} 2007, Freiburg, Germany, September 27-29, 2007. Revised
               Selected Papers},
  series    = {Lecture Notes in Computer Science},
  volume    = {5083},
  pages     = {147--164},
  publisher = {Springer},
  year      = {2007},
  url       = {https://doi.org/10.1007/978-3-540-85373-2\_9},
  doi       = {10.1007/978-3-540-85373-2\_9},
  timestamp = {Tue, 14 May 2019 10:00:35 +0200},
  biburl    = {https://dblp.org/rec/conf/ifl/MitchellR07.bib},
  bibsource = {dblp computer science bibliography, https://dblp.org}
}

@inproceedings{SCBE,
  author    = {Maximilian C. Bolingbroke and
               Simon L. Peyton Jones},
  editor    = {Jeremy Gibbons},
  title     = {Supercompilation by evaluation},
  booktitle = {Proceedings of the 3rd {ACM} {SIGPLAN} Symposium on Haskell, Haskell
               2010, Baltimore, MD, USA, 30 September 2010},
  pages     = {135--146},
  publisher = {{ACM}},
  year      = {2010},
  url       = {https://doi.org/10.1145/1863523.1863540},
  doi       = {10.1145/1863523.1863540},
  timestamp = {Tue, 06 Nov 2018 16:58:22 +0100},
  biburl    = {https://dblp.org/rec/conf/haskell/BolingbrokeJ10.bib},
  bibsource = {dblp computer science bibliography, https://dblp.org}
}

@inproceedings{TCES,
  author    = {Peter A. Jonsson and
               Johan Nordlander},
  editor    = {Siau{-}Cheng Khoo and
               Jeremy G. Siek},
  title     = {Taming code explosion in supercompilation},
  booktitle = {Proceedings of the 2011 {ACM} {SIGPLAN} Workshop on Partial Evaluation
               and Program Manipulation, {PEPM} 2011, Austin, TX, USA, January 24-25,
               2011},
  pages     = {33--42},
  publisher = {{ACM}},
  year      = {2011},
  url       = {https://doi.org/10.1145/1929501.1929507},
  doi       = {10.1145/1929501.1929507},
  timestamp = {Tue, 06 Nov 2018 16:57:57 +0100},
  biburl    = {https://dblp.org/rec/conf/pepm/JonssonN11.bib},
  bibsource = {dblp computer science bibliography, https://dblp.org}
}

@book{jonesbook,
  author    = {Neil D. Jones and
               Carsten K. Gomard and
               Peter Sestoft},
  title     = {Partial evaluation and automatic program generation},
  series    = {Prentice Hall international series in computer science},
  publisher = {Prentice Hall},
  year      = {1993},
  isbn      = {978-0-13-020249-9},
  timestamp = {Fri, 08 Apr 2011 18:21:02 +0200},
  biburl    = {https://dblp.org/rec/books/daglib/0072559.bib},
  bibsource = {dblp computer science bibliography, https://dblp.org}
}